<collection xmlns="http://www.loc.gov/MARC21/slim">
<record>
  <leader>01015nam0a22002291i 450 </leader>
  <controlfield tag="001">IT\ICCU\CNCE\025886</controlfield>
  <controlfield tag="005">20031222000000.0</controlfield>
  <datafield tag="100" ind1=" " ind2=" ">
    <subfield code="a">19971003d1596        0itac0103    ba</subfield>
  </datafield>
  <datafield tag="101" ind1=" " ind2=" ">
    <subfield code="a">ITA</subfield>
  </datafield>
  <datafield tag="102" ind1=" " ind2=" ">
    <subfield code="a">IT</subfield>
  </datafield>
  <datafield tag="200" ind1="1" ind2=" ">
    <subfield code="a">Ritratti di cento capitani illustri con li lor fatti in guerra .. intagliati da Aliprando Capriolo et dati in luce da Filippo Thomassino et Giouan Turpino ...</subfield>
  </datafield>
  <datafield tag="210" ind1=" " ind2=" ">
    <subfield code="a">Roma</subfield>
    <subfield code="c">Domenico Gigliotti</subfield>
    <subfield code="d">1596</subfield>
  </datafield>
  <datafield tag="215" ind1=" " ind2=" ">
    <subfield code="a">\6!, 111, \1! c., ritr.</subfield>
    <subfield code="d">8ʻ</subfield>
  </datafield>
  <datafield tag="300" ind1=" " ind2=" ">
    <subfield code="a">cfr 9271</subfield>
  </datafield>
  <datafield tag="620" ind1=" " ind2=" ">
    <subfield code="a">IT</subfield>
    <subfield code="d">Roma</subfield>
  </datafield>
  <datafield tag="712" ind1="0" ind2="0">
    <subfield code="a">Gigliotti, Domenico</subfield>
    <subfield code="3">IT\ICCU\CNCT\000098</subfield>
    <subfield code="4">650</subfield>
  </datafield>
  <datafield tag="791" ind1="0" ind2="0">
    <subfield code="a">Liliottus, Dominicus</subfield>
    <subfield code="3">IT\ICCU\CNCT\003187</subfield>
    <subfield code="z">Gigliotti, Domenico</subfield>
  </datafield>
  <datafield tag="791" ind1="0" ind2="0">
    <subfield code="a">Giliottus, Dominicus</subfield>
    <subfield code="3">IT\ICCU\CNCT\004875</subfield>
    <subfield code="z">Gigliotti, Domenico</subfield>
  </datafield>
  <datafield tag="791" ind1="0" ind2="0">
    <subfield code="a">Giliotti, Domenico</subfield>
    <subfield code="3">IT\ICCU\CNCT\004877</subfield>
    <subfield code="z">Gigliotti, Domenico</subfield>
  </datafield>
  <datafield tag="791" ind1="0" ind2="0">
    <subfield code="a">Osmarino, Domenico</subfield>
    <subfield code="3">IT\ICCU\CNCT\006394</subfield>
    <subfield code="z">Gigliotti, Domenico</subfield>
  </datafield>
  <datafield tag="801" ind1=" " ind2="3">
    <subfield code="a">IT</subfield>
    <subfield code="b">ICCU</subfield>
    <subfield code="c">20201114</subfield>
  </datafield>
  <datafield tag="899" ind1=" " ind2=" ">
    <subfield code="a">Biblioteca e archivio. Civica raccolta delle stampe Achille Bertarelli. Milano</subfield>
    <subfield code="1">MI0281</subfield>
    <subfield code="2">LO1 81</subfield>
  </datafield>
</record>
</collection>
